@article{b1,
  title={Modeling and Forecasting by the Vector Autoregressive Moving Average Model for Export of Coal and Oil Data (Case Study from Indonesia over the Years 2002-2017)},
  author={Warsono, Edwin Russel and Wamiliana and Widiarti and Mustofa Usman},
  journal={International Journal of Electrical & Electronic Engineering (IJEEEP)},
  volume={14},
  doi={10.32479/ijeep.7605},
  month={June},
  year={2019}
}

@article{b2,
  title={Bagging Machine Learning Algorithms: A Generic Computing Framework Based on Machine-Learning Methods for Regional Rainfall Forecasting in Upstate New York},
  author={Yu, Ning and Haskins, Timothy},
  journal={Water},
  volume={8},
  number={3},
  pages={47},
  doi={10.3189/222797098783681742},
  year={2021}
}

@inproceedings{b3,
  title={Short-Term Load Forecasting based on ResNet and LSTM},
  author={Choi, Hyungeun and Ryu, Seunghyoung and Kim, Hongseok},
  booktitle={2018 IEEE International Conference on Smart Grid Communications (SmartGridComm)},
  pages={8587554},
  doi={10.1109/SmartGridComm.2018.8587554},
  month={October},
  year={2018}
}

@misc{b7,
  author={Simplilearn},
  title={Bagging in Machine Learning: Step to Perform and Its Advantages},
  howpublished={\url{https://www.simplilearn.com/tutorials/machine-learning-tutorial/bagging-in-machine-learning...}},
  date={May 13, 2024},
  accessdate={April 2024}
}

@article{b8,
  title={Learning to forget: Continual prediction with LSTM},
  author={Gers, F. A. and Schmidhuber, J. and Cummins, F.},
  journal={Neural computation},
  volume={12},
  number={10},
  pages={2451-2471},
  year={2000}
}

@article{b9,
  title={Framewise phoneme classification with bidirectional LSTM and other neural network architectures},
  author={Graves, A. and Schmidhuber, J.},
  journal={Neural Networks},
  volume={18},
  number={5-6},
  pages={602-610},
  year={2005}
}

@misc{b10,
  author={Encord},
  title={Time Series Predictions with RNNs},
  howpublished={\url{https://encord.com/blog/time-series-predictions-with-recurrent-neural-networks/...}},
  date={August 18, 2023},
  accessdate={April 2024}
}

@misc{b11,
  author={Geeksforgeeks},
  title={Introduction to Recurrent Neural Network},
  howpublished={\url{https://www.geeksforgeeks.org/introduction-to-recurrent-neural-network/...}},
  date={December 4, 2023},
  accessdate={April 2024}
}

@misc{b12,
  author={Corporate Finance Institute (CFI)},
  title={Regression Analysis},
  howpublished={\url{https://corporatefinanceinstitute.com/resources/data-science/regression-analysis/}},
  accessdate={April 2024}
}
@misc{b13,
  author={Scribbr},
  title={Multiple Linear Regression},
  howpublished={\url{https://www.scribbr.com/statistics/multiple-linear-regression/}},
  year={2024?}
}

@misc{b14,
  author={Pennsylvania State University},
  title={The Multiple Linear Regression Model},
  howpublished={\url{https://online.stat.psu.edu/stat462/node/131/}},
  year={2024?}
}

@misc{b15,
  author={Analytics India Magazine (AIM)},
  title={A Guide to VARMA with Auto ARIMA in Time Series Modelling},
  howpublished={\url{https://analyticsindiamag.com/a-guide-to-varma-with-grid-search-in-time-series-modelling/}},
  year={2024?}
}

@book{b16,
  author={Huang, Changquan and Petukhina, Alla},
  title={Applied Time Series Analysis and Forecasting with Python},
  publisher={Springer},
  year={2020},
  chapter={7}
}

@misc{b17,
  author={Lutkepohl, Helmut},
  title={Forecasting with VARMA Models},
  howpublished={\url{https://cadmus.eui.eu/bitstream/handle/1814/2805/ECO2004-25.pdf#:~:text=VARMA}},
  year={2004?}
}

@misc{b18,
  author={NVIDIA Developer},
  title={Long Short-Term Memory (LSTM)},
  howpublished={\url{https://developer.nvidia.com/discover/lstm}},
  year={2024?}
}

@misc{b19,
  author={Machine Learning Mastery},
  title={Introduction Long Short Term Memory Networks Experts},
  howpublished={\url{https://machinelearningmastery.com/gentle-introduction-long-short-term-memory-networks-experts/}},
  year={2024?}
}

@article{b20,
  title={Time Series Classification from Scratch with Deep Neural Networks: A Strong Baseline},
  author={Wang, Z. G. and Yan, W. Z. and Tim, O.},
  journal={arXiv preprint arXiv:1611.06455},
  year={2016}
}

@inproceedings{b21,
  title={On the properties of neural machine translation: encoder-decoder approaches},
  author={Cho, K. and Van MerriÃ«nboer, B. and Bahdanau, D. and Bengio, Y.},
  booktitle={Proceedings of the 1st International Conference on Learning Representations},
  year={2014}
}

@article{b22,
  title={Air pollution forecasting using RNN with LSTM},
  author={Tsai, Y. T. and Zeng, Y. R. and Chang, Y. R.},
  journal={IEEE Access},
  volume={6},
  pages={76470-76479},
  doi={10.1109/ACCESS.2018.8697909},
  year={2018}
}

@inproceedings{b23,
  title={Comparing Bitcoin's Prediction Model Using GRU, RNN, and LSTM by Hyperparameter Optimization Grid Search and Random Search},
  author={Buslim, N. and Rahmatullah, I. L. and Setyawan, B. A.},
  booktitle={2021 9th International Conference on Cyber and IT Service Management (CITSM)},
  pages={1-5},
  doi={10.1109/CITSM53870.2021.00002},
  year={2021}
}
